3202 5010
230 1107 234 1114 ·
272 1071 403 1140 Priscae
431 1073 623 1140 Latinitatis
656 1074 840 1161 fragmenta
869 1077 989 1142 selecta
1020 1081 1054 1142 et
1085 1077 1296 1163 epigraphica
1327 1081 1361 1142 et
1389 1101 1407 1142 a

183 1182 398 1267 scriptoribus
413 1183 546 1267 tradita,
566 1186 603 1247 ut
622 1206 849 1268 componerem
865 1183 997 1249 Ottonis
1012 1185 1173 1250 Ribbecki
1187 1185 1408 1270 praeceptoris

183 1290 378 1354 auctoritate
411 1292 445 1354 et
476 1291 704 1356 benevolentia
736 1290 905 1376 incitatus,
943 1293 991 1356 ita
1024 1293 1116 1357 edere
1149 1291 1273 1376 studui,
1305 1296 1342 1356 ut
1374 1293 1409 1356 in

183 1397 304 1461 scholis
333 1397 371 1461 de
399 1398 614 1484 grammatica
636 1397 756 1462 Latina
778 1398 935 1482 habendis
964 1399 1031 1464 sive
1059 1400 1094 1464 in
1121 1398 1409 1465 exercitationibus

183 1504 407 1591 grammaticis
427 1503 605 1589 iuventuti,
629 1506 680 1570 oui
699 1506 866 1570 volumina
880 1505 1037 1591 Corporis
1052 1506 1308 1592 inscriptionum
1322 1505 1410 1570 Lati-

181 1635 300 1678 narum
328 1613 450 1677 aliaeve
479 1612 638 1677 editiones
668 1634 806 1699 magnac
835 1617 868 1678 et
895 1615 1057 1699 pretiosae
1081 1618 1212 1700 praesto
1239 1635 1306 1678 non
1334 1613 1411 1698 sint,

183 1721 365 1786 evolvenda
392 1723 425 1785 et
457 1719 701 1804 interpretanda
728 1721 867 1805 proponi
894 1722 1031 1805 possint.
1084 1720 1219 1786 discessi
1250 1720 1354 1806 igitur
1391 1744 1409 1784 a

184 1828 433 1895 collectionibus
453 1828 493 1891 ad
512 1827 574 1891 hoc
589 1831 717 1911 tempus
737 1827 883 1910 usitatis,
902 1850 976 1893 cum
995 1829 1167 1892 materiam
1181 1827 1410 1913 gravissimam

182 1942 217 2003 et
252 1935 485 2022 largissimam,
523 1935 629 2018 quoad
662 1934 730 1998 eius
767 1935 838 1999 fieri
869 1936 992 2020 potuit,
1029 1935 1173 2000 coartavi
1197 1939 1230 1999 ct
1266 1935 1410 2001 virorum

183 2047 355 2110 doctorum
379 2043 502 2126 scripta
525 2044 558 2105 et
582 2040 774 2126 sententias,
802 2045 959 2124 quantum
986 2064 1026 2106 ex
1053 2064 1114 2106 usu
1136 2042 1307 2106 videbatur
1331 2065 1410 2124 esse,

183 2151 311 2238 plenius
339 2153 372 2214 et
399 2149 531 2229 uberius
560 2148 697 2212 laudavi.
743 2149 852 2233 itaque
882 2149 1001 2233 prioris
1025 2149 1199 2214 voluminis
1222 2149 1284 2214 hac
1307 2150 1412 2213 altera

184 2263 278 2344 parte
301 2255 531 2341 inscriptiones
555 2255 692 2319 Latinae
720 2259 753 2318 ct
777 2254 924 2320 Faliscae
952 2257 1104 2340 selectae,
1136 2256 1239 2320 altera
1267 2256 1411 2320 carmina

184 2371 217 2431 et
245 2367 334 2450 leges
363 2361 608 2447 antiquissimae
639 2385 659 2426 a
690 2362 905 2446 scriptoribus
933 2363 1074 2428 traditae
1102 2367 1135 2428 et
1158 2364 1287 2448 glossae
1311 2363 1411 2428 conti-

183 2477 311 2538 nentur.
361 2472 396 2536 in
423 2470 586 2535 volumine
609 2469 805 2554 posteriore,
833 2472 919 2554 quod
948 2475 986 2534 ut
1014 2471 1226 2536 conficeretur
1249 2469 1410 2534 Vilelmus
1542 2542 1546 2548 ,

185 2579 311 2646 Olemm
338 2581 532 2664 praeceptor
560 2599 675 2641 suasor
702 2581 787 2662 erat,
820 2576 980 2643 Oscorum
1010 2578 1066 2662 qui
1098 2578 1249 2643 dicuntur
1277 2581 1310 2641 ct
1341 2576 1410 2641 Um-

184 2689 319 2752 brorum
342 2684 572 2769 inscriptiones
597 2707 727 2768 omnes,
755 2707 836 2768 quae
861 2685 991 2768 quidem
1014 2686 1080 2770 legi
1103 2685 1245 2770 possint,
1269 2685 1410 2768 glossae-

186 2817 246 2878 que
271 2791 451 2857 aVarrone
476 2796 509 2855 et
533 2791 606 2856 aliis
631 2795 778 2856 servatae
793 2792 1038 2878 coniungantur.
1075 2791 1198 2857 indices
1214 2795 1322 2854 autem
1337 2791 1410 2854 usui

186 2899 255 2985 apti
282 2900 411 2986 utrique
439 2898 598 2965 uolumini
627 2898 852 2984 adiungentur.
903 2903 1000 2982 atquc
1030 2899 1065 2963 in
1092 2898 1154 2963 hac
1183 2898 1291 2982 priore
1318 2900 1411 2982 parte

185 3007 326 3074 indicem
354 3005 605 3092 grammaticum
638 3005 762 3071 confeci
793 3006 1001 3090 bipertitum:
1033 3006 1136 3069 altero
1174 3009 1224 3088 ut,
1257 3025 1338 3087 quae
1371 3005 1411 3068 ad
1521 3039 1523 3044 ,

185 3115 328 3200 priscam
341 3113 558 3179 Latinitatem
576 3113 775 3197 pertineant,
794 3111 932 3177 discenti
946 3112 1041 3177 facile
1056 3113 1287 3197 praebeantur,
1306 3112 1411 3176 altero

186 3227 237 3307 ut,
261 3244 357 3305 quem
384 3221 419 3285 in
446 3222 578 3285 modum
605 3220 722 3304 priscis
746 3220 965 3285 monumentis
989 3219 1152 3305 plerisque
1179 3219 1292 3304 lingua
1316 3241 1411 3303 saepe
1527 3231 1530 3238 '

187 3328 251 3392 sibi
269 3351 336 3393 non
351 3327 548 3411 constiterit,
566 3327 732 3391 nonnullis
747 3327 903 3410 exemplis
918 3327 978 3391 sub
992 3349 1057 3391 uno
1072 3330 1248 3411 conspectu
1262 3329 1411 3411 ponatur.

164 3458 238 3499 res
262 3435 477 3520 syntacticas,
505 3456 586 3519 quas
611 3457 627 3499 e
651 3434 758 3499 titulis
781 3433 909 3498 Latinis
934 3434 1065 3520 collegi,
1095 3433 1190 3498 alteri
1213 3433 1332 3518 prioris
1359 3455 1412 3498 ro·
1462 3447 1467 3458 ’

187 3541 319 3606 luminis
343 3543 430 3626 parti
453 3544 620 3607 addentur.

276 3647 393 3714 Ottoni
428 3649 624 3733 Ribbeclrio,
661 3649 866 3733 praeceptori
904 3648 1087 3733 carissimo,
1124 3648 1214 3714 cuius
1252 3647 1411 3733 singulari

185 3755 414 3821 benevolentia
436 3756 471 3820 in
493 3757 554 3821 hoc
576 3755 748 3841 fasciculo,
777 3756 805 3819 si
829 3779 894 3841 qua
915 3756 1137 3840 haesitabam,
1161 3757 1275 3819 auctus
1299 3759 1333 3819 et
1356 3755 1410 3818 ad-

186 3862 276 3926 iutus
301 3885 386 3948 sum,
410 3863 534 3949 gratias
558 3885 656 3946 quam
679 3863 837 3928 maximas
860 3885 931 3950 age.
1040 3953 1043 3958 Ι

277 4039 467 4106 Scribebam
489 4039 731 4126 Mogontiaci
755 4063 865 4108 mense
890 4039 1007 4106 Sextili
1030 4040 1106 4105 anni
1132 4039 1225 4105 1886.

933 4252 1153 4341 Engelbcrtus
1177 4251 1367 4322 Schneider.
