3216 5016
177 877 239 950 IV.
275 874 548 950 RITSCHELII
577 874 819 956 SYLLABVS
848 817 1135 951 1110101011οΜ
1157 873 1400 952 POTIORVM

177 1003 305 1087 QVAE
338 1003 402 1075 AD
430 1000 731 1074 DEFINIENDA
765 1003 991 1075 'IEMPORA
1025 999 1401 1074 INSORIP'IIONVM

529 1127 817 1200 LATINARVM
847 1126 1055 1200 VALENT.

180 1285 206 1350 Ο
233 1307 291 1368 pro
315 1289 351 1368 V,
375 1289 412 1348 ut
434 1284 612 1368 plurimum
635 1284 735 1348 ctiam
759 1283 786 1347 Ε
811 1306 870 1367 pro
894 1283 914 1347 J
939 1285 973 1347 in
996 1283 1211 1348 declinatione
1234 1282 1402 1346 nominum

267 1391 519 1475 verborumque:
542 1413 672 1456 cessans
697 1391 782 1455 circa
806 1413 833 1454 a.
856 1391 923 1455 520
933 1413 1002 1475 sqq.

181 1549 201 1616 l
226 1553 351 1637 figurae
374 1574 468 1616 usus:
492 1551 547 1615 diu
571 1554 742 1634 constans,
766 1573 896 1616 cessans
920 1550 1006 1616 circa
1030 1573 1056 1614 a.
1080 1549 1258 1614 570-580

178 1710 235 1777 XS
259 1734 318 1796 pro
343 1712 374 1776 X
398 1712 552 1797 simplici:
574 1734 641 1776 non
665 1716 740 1775 ante
766 1709 797 1775 S.
822 1708 856 1774 O.
881 1712 918 1774 de
942 1709 1201 1775 Bacchanalibus
1227 1705 1319 1794 (568)

179 1871 365 1937 Geminatio
390 1871 652 1938 consonantium:
676 1873 740 1935 1661
765 1875 839 1934 ante
854 1869 999 1934 Ennium
1013 1874 1124 1953 coepto,
1146 1889 1224 1932 roro
1247 1868 1404 1931 6116611-

269 1979 349 2042 citer
371 1979 438 2044 580
461 1980 502 2042 ad
525 1980 606 2062 620,
633 1978 825 2063 praevalens
854 1979 895 2040 ab
920 2000 947 2042 6.
972 1977 1038 2040 620
1066 1976 1107 2038 ad
1130 1976 1211 2058 640,
1239 1974 1305 2038 fere
1330 1997 1404 2038 ccn-

271 2089 361 2148 stans
386 2085 427 2149 ab
452 2108 479 2149 a.
504 2077 724 2150 61161661640
983 2107 992 2120 ’

181 2243 368 2308 0661166616
392 2243 777 2308 16661161616611661166
802 2266 829 2308 6.
854 2245 932 2328 620,
956 2266 1085 2308 6666666
1110 2243 1195 2307 61166
1219 2265 1246 2305 a.
1271 2243 1334 2306 686

183 2403 244 2480 00
267 2426 326 2487 pro
347 2402 404 2469 00
428 2403 601 2479 16100οε
625 2425 691 2467 666
713 2407 788 2466 6666
813 2426 840 2466 6.
860 2403 1074 2467 61161661620
1096 2403 1221 2466 6616666
1245 2403 1407 2485 scriptura

182 2562 383 2627 0161661610
407 2568 441 2627 66
465 2562 487 2628 S
511 2562 672 2626 finalium:
697 2585 826 2627 cessans
852 2563 938 2628 61166
957 2586 984 2626 6.
1008 2564 1185 2627 cao-630

183 2741 245 2806 00
268 2763 327 2824 pro
352 2740 490 2805 0660
842 2719 940 2805 lnon
972 2741 1038 2805 fere
1072 2745 1128 2804 6116
1164 2763 1230 2805 6611
1266 2740 1407 2803 multum

183 2847 361 2912 Genetivus
384 2847 506 2922 tertiae
534 2847 612 2911 decl.
636 2847 671 2910 in
694 2846 749 2912 US
774 2849 824 2911 de·
875 2849 962 2911 ultra
986 2847 1126 2910 medium
1155 2847 1318 2910 saeculum
1342 2845 1408 2909 'VH

273 2954 381 3018 sinens
877 2951 919 3039 (si
940 2977 959 3016 6
982 2953 1189 3036 paucioribus
1214 2952 1408 3036 quibusdam

183 3060 414 3125 Nominativus
449 3061 531 3144 plur.
559 3062 717 3125 secundae
746 3061 825 3124 decl.
876 3060 1063 3123 discesseris
1083 3064 1140 3123 aut
1160 3060 1249 3123 casui
1266 3059 1408 3121 tribuen-

278 3168 313 3231 in
338 3167 359 3232 S
383 3168 532 3231 desinens
900 3165 949 3230 dis
974 3171 1031 3230 aut
1055 3170 1143 3255 certa
1166 3166 1292 3230 ratione
1317 3187 1386 3228 cen·

185 3271 401 3339 POPLIOUS
427 3275 589 3357 scriptura
1081 3270 1203 3358 sendis)

186 3433 218 3497 U
241 3452 299 3516 pro
320 3431 392 3518 OE,
416 3433 462 3497 01
486 3433 521 3496 in
544 3456 649 3498 curare
672 3432 781 3498 simil:
805 3456 872 3497 non
895 3438 969 3500 ante
994 3433 1136 3498 medium
1160 3429 1324 3496 saeculum
1343 3429 1409 3493 VII

186 3592 355 3676 Aspiratio
386 3593 651 3657 consonantium:
679 3594 769 3657 nulla
797 3598 872 3657 ante
901 3616 927 3657 6.
955 3570 1153 3671 650-660,
1181 3592 1341 3655 fluctuans
1370 3591 1410 3652 ad

275 3722 302 3762 6.
327 3699 458 3767 circiter
483 3701 560 3784 700,
583 3699 649 3763 fere
670 3704 822 3764 constans
847 3701 886 3763 ab
912 3699 1007 3762 initio
1028 3698 1147 3762 saeculi
1167 3697 1251 3760 VIII

74 3917 78 3926 .
186 3858 217 3922 Y
246 3859 374 3922 litterae
403 3882 494 3924 usus:
523 3861 632 3924 nullus
662 3859 804 3946 (praeter
831 3881 932 3923 unum
959 3855 1155 3941 exemplum)
1185 3860 1260 3920 ante
1288 3856 1410 3920 exitum

277 3965 397 4056 saeculi
421 3966 487 4029 VII

258 4121 370 4175 Priscae
388 4121 542 4176 latinitatis
561 4125 742 4176 monumenta
762 4121 944 4192 epigraphioa
963 4122 1005 4175 ed.
1025 4119 1286 4187 011616661111866,
1305 4118 1411 4172 indices

186 4211 214 4261 p.
237 4199 351 4260 123sq.;
363 4193 519 4246 ·Ritschelii
537 4211 630 4262 opusc.
650 4193 749 4262 philol.
768 4193 806 4247 IV
825 4212 851 4261 p.
872 4201 936 4258 7653
955 4193 987 4248 R.
1003 4191 1143 4258 06116661,
1164 4191 1229 4244 diss.
1250 4189 1294 4242 sui
1312 4189 1413 4243 canoni

186 4263 275 4332 epigr.
297 4263 539 4317 uinculatum
561 4271 628 4319 1870
