3202 5010
163 1131 197 1178 30

184 2381 196 2428 1

182 2488 198 2535 2

182 2597 198 2644 3

182 2703 198 2750 4

183 2917 199 2964 5

711 305 802 360 PARS
821 306 943 361 PRIMA.

313 475 398 555 est03
426 471 574 556 quodque
598 471 780 556 quibusque
806 471 811 555 Ι
835 471 870 536 13
893 471 989 535 rebus
1013 471 1113 537 loceis
1137 472 1244 557 agreis
1268 473 1445 540 aedificieis

313 578 460 662 oppideis
488 579 589 644 iouris
610 578 619 662 Ἰ
644 578 868 644 Termensium
895 578 1057 643 maiorum
1079 578 1264 646 Pisidarum
1287 580 1346 646 ieis
1370 605 1447 648 cen-

314 686 449 771 sulibus,
487 683 491 773 Ι
535 687 610 770 quei
630 710 729 772 supra
750 685 884 772 scriptei
904 690 989 772 sunt,
1007 687 1082 772 fuit,
1102 687 1188 772 quod
1207 688 1276 753 eius
1289 695 1422 774 praeter
1439 687 1444 777 Ι

312 795 385 858 loca
408 815 505 880 agros
522 794 676 859 aedificia
700 794 780 879 ipsei
805 816 863 858 sua
886 795 1055 860 voluntate
1080 795 1121 859 ab
1146 816 1180 859 se
1203 818 1270 860 non
1294 802 1300 875 Ι
1324 797 1446 862 abalie-

312 905 441 985 narunt,
460 901 547 965 idem
570 901 605 966 in
629 901 749 966 eisdem
768 902 864 966 rebus
883 901 983 966 loceis
1003 902 1112 987 agneis
1133 905 1138 982 Ι
1158 902 1332 968 aedificieis
1352 905 1446 989 oppi-

312 1009 380 1074 deis
409 1007 632 1072 Termensium
659 1007 820 1072 maiorum
843 1007 1027 1074 Pisidarum
1059 1010 1066 1088 Ι
1099 1009 1171 1074 ious
1200 1014 1285 1095 est03
1317 1014 1351 1075 et
1378 1033 1446 1094 quo

313 1117 420 1182 minus
444 1139 495 1200 ea,
519 1139 600 1199 quae
624 1116 658 1180 in
680 1116 743 1180 hoc
768 1116 875 1202 capite
894 1116 1017 1201 scripta
1051 1113 1055 1202 Ι
1090 1120 1179 1201 sunt,
1203 1116 1251 1180 ita
1269 1117 1336 1183 sint
1353 1119 1447 1204 fiant,

313 1226 382 1290 eius
405 1225 466 1288 hac
489 1224 561 1310 lege
584 1223 723 1288 nihilum
747 1227 891 1308 rogatur.
912 1223 917 1308 Ι

217 1329 323 1410 Quam
344 1333 451 1417 legem
473 1329 648 1416 portorieis
676 1330 886 1394 terrestribus
915 1330 1181 1414 maritumeisque
1216 1331 1220 1414 Ι
1254 1331 1447 1398 Termenses

314 1439 453 1506 maiores
472 1437 624 1504 Phisidae
648 1436 835 1521 capiundeis
854 1437 942 1501 intra
961 1460 1038 1502 suos
1059 1442 1063 1516 Ι
1084 1437 1177 1502 fineis
1197 1437 1383 1524 deixserint‚
1406 1464 1448 1504 ea

313 1548 366 1611 lex
388 1546 448 1610 ieis
471 1545 647 1631 portorieis
672 1544 858 1630 capiundeis
888 1548 893 1624 Ι
922 1549 1008 1628 esto,
1036 1544 1113 1610 dum
1140 1545 1193 1610 nei
1217 1546 1295 1630 quid
1318 1547 1447 1630 portori

315 1655 356 1718 ab
380 1653 440 1717 ieis
464 1653 624 1738 capiatur,
653 1652 728 1736 quei
751 1652 883 1736 publica
924 1651 929 1736 Ι
972 1652 1084 1736 populi
1107 1651 1248 1732 Romani
1271 1653 1448 1738 vectigalia

314 1761 483 1844 redempta
509 1760 691 1844 habebunt3
719 1781 801 1843 quos
831 1760 836 1844 Ι
865 1781 1058 1844 percorum
1081 1759 1174 1824 fineis
1198 1760 1382 1844 publicanei
1406 1784 1448 1826 ex

315 1891 353 1932 eo
369 1867 522 1952 vectigali
537 1867 810 1950 transportabant
819 1862 828 1952 ΙΙ
840 1863 965 1952 [fructas
979 1891 1078 1932 corum
1086 1878 1241 1947 portorio
1256 1873 1447 1934 Tberruerises

314 1983 439 2040 maiores
462 1982 581 2040 Pisidae
602 1983 650 2040 oei
667 1985 788 2054 3313313
810 1982 891 2040 reice
914 1982 1049 2054 capiunto
1050 2024 1182 2040 .....

551 2206 668 2272 XXXI.
703 2206 769 2273 Lex
792 2205 914 2272 vicena
937 2203 1118 2272 Xurfensis.
1204 2245 1209 2252 ·
1283 2285 1308 2325 o.
1334 2269 1353 2325 6
1355 2269 1373 2324 9
1375 2269 1395 2325 6

218 2371 292 2435 310.
378 2369 414 2433 L.
438 2369 561 2434 Aienu's
584 2368 620 2432 L.
636 2368 670 2452 f.,
695 2368 934 2444 ansebertus
959 2365 1030 2431 Sex.
1044 2366 1066 2431 f.
1090 2367 1202 2431 aedem
1226 2367 1416 2432 dedicarunt
1442 2367 1446 2456 Ι

216 2477 305 2542 Iovis
328 2476 440 2541 Liberi
463 2475 606 2541 Furfone
630 2498 657 2540 a.
681 2477 709 2540 d.
734 2475 785 2538 111
809 2475 880 2539 idus
904 2473 1095 2550 Quinctileis
1119 2473 1156 2537 L.
1178 2473 1297 2539 Pisone
1321 2474 1360 2539 A.
1385 2473 1449 2538 Ga-

217 2584 307 2649 binio
341 2606 404 2648 cos
438 2606 548 2647 mense
580 2581 716 2647 Flusare
751 2579 755 2667 Ι
790 2583 918 2646 comula
945 2616 953 2631 ·
980 2581 1042 2645 teis
1074 2581 1167 2646 olleis
1200 2582 1328 2667 legibus
1360 2582 1448 2648 illeis

218 2690 421 2777 regionibus,
448 2691 516 2754 utei
536 2678 698 2754 extremae
722 2689 826 2752 undae
851 2710 932 2772 quae
952 2688 1058 2772 lapide
1093 2692 1098 2768 Ι
1131 2688 1262 2769 1331313]
1286 2688 1448 2774 hoiusque

218 2799 306 2863 aedis
321 2819 408 2882 ergo,
431 2797 499 2861 utei
520 2819 581 2882 que
597 2797 709 2861 adeam
729 2796 835 2860 aedera
854 2796 958 2860 scalas
978 2818 1039 2879 que
1058 2796 1165 2880 lapide
1184 2781 1326 2860 structas
1342 2796 1424 2861 endo
1443 2794 1446 2884 Ι

219 2906 387 2970 columnae
420 2909 511 2970 stant
538 2904 622 2969 citra
645 2905 750 2980 scalas
775 2903 814 2967 ad
838 2902 950 2968 aedem
974 2926 1085 2968 versus
1114 2903 1243 2987 stipites
1273 2927 1334 2988 que
1358 2903 1449 2968 aedis

218 3013 309 3078 humi
331 3009 565 3100 tabulatmenta
589 3034 664 3097 que:

290 3187 356 3242 310.
375 3187 460 3257 Lapis
478 3205 566 3257 prope
584 3187 734 3241 Furfonem
752 3187 888 3256 repertus,
907 3203 981 3239 nunc
999 3185 1120 3254 Aquilae
1138 3185 1168 3238 in
1185 3202 1289 3240 museo,
1311 3213 1343 3232 =
1358 3186 1448 3254 1603,

218 3258 258 3311 IX
277 3263 359 3322 3513;
378 3259 410 3313 R.
429 3259 569 3324 LXXXH3
588 3259 736 3322 (13.1034ς
756 3258 786 3312 E.
806 3256 948 3324 Huschke,
966 3257 1062 3312 Jahrb.
1082 3258 1100 3311 f.
1116 3257 1215 3312 Philol.
1232 3257 1322 3327 suppl.
1338 3257 1362 3311 V
1378 3264 1448 3312 1872

218 3349 245 3399 p.
265 3335 317 3384 856
329 3347 403 3397 sqq.;
422 3331 455 3385 H.
474 3330 593 3399 Jordan,
612 3330 677 3384 krit.
697 3328 782 3383 Beitr.
802 3347 829 3397 p.
849 3335 902 3383 250
913 3346 973 3396 sqq.
1003 3329 1037 3383 cf.
1057 3329 1151 3384 Wilm.
1173 3335 1237 3394 1043
1257 3329 1296 3382 HI
1316 3335 1391 3383 1933.

291 3498 343 3546 309
367 3492 393 3545 ΙΙ
416 3509 442 3546 ao
462 3495 490 3547 et
508 3493 623 3560 fortasse
641 3491 784 3546 delendam
802 3507 856 3544 esse
874 3497 962 3545 censet
980 3490 1103 3546 Morinis.
1195 3496 1247 3545 310
1271 3490 1405 3560 adoptem
1423 3497 1450 3545 et

219 3575 337 3645 13193313
358 3590 445 3644 supro
467 3573 481 3625 I
503 3573 649 3628 recentiore
670 3588 756 3625 moria
779 3571 877 3626 addito
894 3587 948 3626 esse
962 3577 1070 3640 333313
1087 3571 1211 3626 Mauors.
1231 3572 1280 3626 IX
1297 3572 1313 3625 1.
1333 3571 1350 3624 1.
1373 3587 1451 3626 nanc

219 3655 369 3720 33330331.
393 3654 427 3721 of.
454 3653 514 3722 Gon
536 3654 569 3707 de
591 3669 679 3707 mense
697 3650 813 3705 Plusare
832 3652 867 3719 of.
886 3651 1050 3719 Mommsen,
1072 3651 1212 3706 anteritol.
1238 3651 1315 3705 Diod.
1335 3669 1364 3721 p.
1385 3655 1451 3721 340,

221 3739 281 3787 343.
353 3751 365 3789 a
385 3733 580 3788 commutateis
600 3735 724 3788 Momms.
744 3734 816 3787 oliui.
836 3749 910 3787 3333
928 3749 1025 3787 reoroea
1043 3734 1099 3786 diei
1117 3733 1260 3786 cuiusdam
1274 3735 1451 3803 pereqriaum

219 3815 334 3881 fortusse
352 3817 455 3869 subesse
473 3817 637 3885 suspicatur.
667 3831 730 3868 eum
743 3812 811 3866 latis
825 3813 924 3868 Lausi.
948 3811 1102 3879 eomlateis‚
1121 3811 1233 3865 collatis
1250 3813 1301 3866 Ga.
1321 3813 1450 3882 13331333

220 3911 273 3948 esse
291 3895 446 3948 rest'tutura
464 3901 550 3949 rocus.
575 3892 741 3948 comulateis
760 3894 779 3948 i.
798 3910 819 3947 3,
835 3895 976 3963 perfectis:
995 3892 1108 3947 Iordori.
1196 3893 1337 3946 extremae
1355 3892 1450 3947 undae

220 3990 291 4028 ouae
311 3975 391 4044 lupis.
420 3975 561 4028 extremae
580 3975 672 4028 undae
697 3976 741 4042 (=
760 3975 904 4038 κυμάτια
927 3973 997 4028 Vite.
1018 3976 1043 4040 5,
1063 3975 1088 4040 7,
1108 3977 1139 4041 6,·
1162 3973 1237 4026 Iord.
1258 3973 1274 4026 1.
1295 3973 1311 4027 l.
1332 3991 1361 4042 p.
1380 3976 1448 4041 259)

221 4069 294 4121 quae
312 4054 408 4124 lapide
427 4054 543 4126 facta[e]
564 4058 652 4123 (suut)
675 4055 727 4109 Ga.
751 4055 876 4108 extrema
894 4051 1018 4120 undique
1032 4053 1131 4108 Lucci.
1156 4053 1298 4106 extremae
1319 4053 1387 4119 (scil.
1407 4070 1449 4108 re·

220 4139 324 4207 qioraes)
349 4136 478 4202 undeque
503 4137 533 4202 (i.
554 4153 574 4190 e.
593 4137 726 4204 aridique)
746 4133 841 4203 lapide
860 4133 976 4204 facta[e]
994 4134 1070 4187 Iord.
1100 4134 1224 4186 extrema
1242 4131 1448 4202 fundamento-

222 4218 284 4288 que]
303 4217 344 4271 331
362 4215 555 4286 fundamento
569 4217 645 4286 3333]
661 4215 784 4269 Morinis.
844 4213 1044 4284 4333313313
1062 4213 1348 4282 lapidestauctuendo
1368 4215 1448 4282 lapis.

221 4295 316 4365 lapide
341 4297 461 4349 structas
485 4311 614 4362 quaeque
634 4295 757 4350 Moroms.
782 4296 854 4350 olim.
883 4311 970 4349 mccc:
994 4294 1117 4348 structae
1141 4292 1291 4346 struendae
1316 4294 1449 4361 (structas

223 4376 390 4444 struendas).
415 4375 510 4445 lapide
530 4377 653 4431 structae
672 4375 743 4429 endo
766 4375 817 4431 Ga.
903 4387 916 4428 s
934 4374 1035 4428 humus
1055 4375 1135 4446 lepis.
1158 4371 1237 4426 humi
1256 4373 1330 4428 Iord.
1364 4371 1449 4427 huius

222 4456 345 4515 Maronis,
