3216 5002
603 361 727 416 NOTAE
746 361 793 416 ET
813 360 929 415 SIGNA.

199 564 205 575 .
227 519 295 574 diss.
315 519 390 574 arch.

148 520 389 661 Gadissemioni
407 607 621 676 archeologiche
640 606 670 660 di
688 607 766 662 vario
786 611 958 676 argomento.
995 607 1085 662 Roma
1106 615 1174 663 1864

149 714 328 852 Ioliiitische
343 798 476 868 Beitrtge
495 817 543 853 zur
558 799 726 854 Geschichte
745 800 794 853 der
812 799 1000 854 lateinischen
1014 801 1136 870 Sprache
1154 819 1209 856 von
1223 802 1257 858 H.
1272 803 1384 858 Iordan.

228 886 323 940 Berlin
342 892 411 941 1879

153 993 369 1134 Milonementi
390 1079 492 1135 inediti
515 1080 581 1133 dall’
599 1079 730 1135 instituto
750 1080 780 1133 di
799 1081 1031 1151 corrispondenza
1054 1082 1256 1151 archeologica.
1293 1084 1384 1138 Roma

155 1187 181 1239 R

185 1229 305 1328 ⁸Priscae
323 1273 489 1328 Latinitatis
508 1278 696 1357 monumenta
708 1275 891 1345 epigraphioa
920 1275 1011 1330 edidit
1028 1276 1185 1331 Fridericus
1204 1276 1384 1333 Ritschelius.

228 1361 353 1416 Berolini
373 1367 442 1418 1862

155 1470 190 1523 R.
211 1485 301 1523 enarr.

193 1556 335 1612 enarratio
354 1557 518 1612 tabularum

153 1663 327 1806 Eli-identat
350 1750 500 1806 Ritschelii
522 1751 659 1820 opuscula
681 1750 863 1821 philologica.
895 1751 950 1806 vol.
974 1753 1022 1810 IV.
1054 1755 1091 1806 ad
1114 1754 1325 1824 epigraphicam
1356 1759 1385 1810 et

226 1839 441 1908 grammaticam
459 1839 590 1894 Latinam
609 1840 776 1908 spectantia.
814 1840 928 1910 Lipsiae
948 1847 1025 1896 1878.
1059 1859 1123 1896 cum
1141 1843 1248 1896 tabulis

154 1945 201 1998 Rh
219 1945 256 2000 in.
326 1964 347 2000 s.

191 1947 375 2088 liheiniffslihcs
398 2035 528 2087 Museum
554 2033 616 2087 fuer
642 2033 809 2104 Philologie.
847 2053 918 2090 neue
942 2037 1037 2106 Folge.
1069 2037 1302 2107 herausgegeben
1329 2055 1385 2093 von

228 2123 267 2191 (F.
288 2122 320 2177 G.
339 2122 478 2191 Welclrer,
497 2122 530 2180 F„
542 2121 660 2192 Ritschl,
678 2124 703 2179 J.
717 2125 851 2196 Bernays²
869 2125 902 2180 Α.
922 2125 1029 2196 Klettc)
1047 2125 1136 2180 Franz
1154 2127 1308 2182 Buecheler
1326 2128 1384 2180 und

228 2210 295 2265 Otto
314 2211 449 2265 Ribbeck.
486 2211 640 2266 Frankfurt

152 2317 260 2384 wilm„
278 2317 439 2370 wumanns

191 2397 321 2475 exe‘mpla
343 2405 558 2476 inscriptionum
580 2406 745 2461 Latinarum
767 2407 797 2460 in
820 2426 902 2462 usum
924 2407 1075 2478 praecipue
1095 2409 1287 2464 academicum
1308 2427 1383 2465 oom-

227 2494 323 2563 posuit
341 2494 483 2550 Gustavus
501 2495 669 2550 Wilmnns.
707 2498 773 2550 tom.
793 2496 812 2551 Ι.
832 2497 866 2550 Π.
899 2495 1024 2550 Berolini
1045 2502 1111 2552 1873

191 2633 306 2690 Litteris
322 2635 439 2690 cursivis
454 2653 527 2704 quae
541 2636 595 2690 viri
610 2636 686 2691 docti
700 2640 751 2691 aut
764 2637 935 2693 correxerint
948 2641 1000 2691 aut
1012 2637 1174 2693 addiderint
1183 2639 1383 2708 exprimuntur,

193 2724 309 2778 Punctis
323 2724 470 2779 subductis
485 2725 599 2779 litterae
613 2728 663 2779 aut
676 2725 826 2781 mutilatae
840 2729 891 2780 aut
905 2743 922 2780 a
937 2727 1076 2795 scalptore
1090 2731 1230 2782 correctae
1240 2731 1382 2782 notantur.

190 2812 333 2867 Asterisco
356 2813 504 2867 titulorum
521 2813 646 2867 numeris
669 2813 699 2867 in
717 2815 848 2868 columna
866 2816 892 2869 ll
910 2816 1033 2884 praefixo
1056 2816 1153 2871 littera
1172 2821 1188 2870 t
1206 2818 1384 2871 cacuminata

227 2899 376 2955 indicatur.

191 2988 277 3042 Uncis
297 2989 443 3057 quadratis
463 2991 500 3062 []
520 3007 592 3059 quae
610 2990 641 3044 in
658 2991 751 3044 titulis
771 2991 944 3059 evanuerint,
965 2991 1090 3045 sinnius
1105 2993 1255 3046 alteriusve
1269 2992 1383 3048 litterae

227 3095 373 3131 numerum
392 3079 542 3147 excedunt,
562 3080 750 3134 secluduntur.

192 3165 278 3218 Uncis
296 3166 424 3220 rotundis
445 3169 454 3235 (
473 3170 482 3236 )
502 3184 584 3236 quae,
604 3183 774 3236 quamquam
793 3167 895 3221 lacuna
913 3167 943 3220 in
962 3183 1026 3221 aere
1045 3172 1089 3223 est
1107 3168 1197 3238 nulla,
1222 3135 1385 3226 coniectura

229 3253 329 3306 addita
348 3253 405 3306 sint
424 3253 625 3322 significantur.
