3202 5010
240 337 285 400 44
322 275 328 288 ·
737 336 828 392 Pras
846 336 968 392 PRIMA.

240 504 318 567 (1333
344 501 379 565 13
407 522 486 566 3333
517 500 664 586 singulos
688 501 747 566 313.
769 524 800 566 3
824 498 941 567 0000.
988 501 1035 566 331
1058 500 1246 586 Langenses
1275 525 1347 567 eam
1369 524 1470 587 pequ-

187 626 221 676 33
239 610 329 674 niam
360 631 426 674 non
456 607 580 674 dabunt
610 629 714 692 neque
744 607 824 673 satis
858 613 863 687 Ι
896 607 1018 673 facient
1048 608 1233 676 arbitratuu
1261 609 1471 690 Genuatium,

241 717 327 800 quod
354 738 412 800 per
436 714 621 782 Genuenscs
650 717 770 796 mo[r]a
797 738 863 780 non
884 716 956 799 fiat,
985 738 1049 799 quo
1073 715 1174 780 setius
1198 739 1269 782 eam
1293 718 1472 802 pequniam

188 841 221 889 33
241 823 396 908 acipiant:
415 828 487 888 tum
506 824 591 908 quod
610 823 645 888 13
664 845 701 887 30
722 843 801 908 agro
821 818 826 908 Ι
846 826 961 887 333331
975 822 1039 887 erit
1052 823 1209 888 frumenti
1223 828 1351 908 partem
1364 825 1472 890 31333-

241 953 377 1017 sumam,
400 931 468 998 3131
490 934 619 1015 partem
642 933 769 994 sextam
792 928 978 1016 Langenses
1001 930 1203 1016 inpoplieum
1222 930 1369 996 Genuam
1392 933 1472 998 dare

188 1056 221 1104 aa
240 1041 380 1104 debente
402 1038 406 1119 Ι
427 1039 461 1103 13
485 1059 586 1103 annos
611 1038 766 1124 singolos.

331 1146 413 1222 0331
441 1146 529 1210 intra
556 1166 611 1210 eos
639 1145 732 1210 fineis
760 1167 875 1231 agrum
903 1146 1038 1230 posedet
1067 1143 1196 1211 033333
1225 1150 1282 1210 333
1309 1144 1474 1230 Viturius,

129 1245 131 1250 ¹
188 1269 221 1318 aa
241 1253 316 1337 quei
340 1276 452 1317 eorum
475 1253 623 1337 pcsedeit
645 1254 677 1317 k.
701 1251 813 1318 Sextil.
838 1253 873 1318 L.
898 1252 1033 1318 03131113
1061 1253 1066 1337 Ι
1093 1251 1129 1328 0.
1153 1251 1284 1318 Muucio
1308 1275 1386 1339 cos,
1414 1276 1473 1318 eos

241 1361 289 1425 ita
306 1360 454 1445 posidere
469 1361 637 1444 solersque
656 1360 762 1426 liceat.
796 1370 840 1426 eis
856 1361 931 1445 quei
944 1361 1149 1445 posidebunt,
1168 1361 1309 1447 vectigal
1325 1351 1474 1445 Langeri-

189 1486 223 1535 30
242 1469 332 1532 sibus
355 1491 414 1553 pro
437 1468 588 1553 portione
611 1469 689 1532 dent
711 1468 772 1552 ita,
800 1469 850 1532 331
873 1468 973 1533 ceteri
1011 1465 1016 1554 Ι
1054 1466 1255 1554 Langenses,
1278 1468 1334 1552 qui
1357 1491 1474 1534 eorum

240 1576 275 1641 in
299 1599 341 1650 eo
362 1598 441 1662 agro
466 1597 581 1662 agrum
605 1575 801 1659 posidebunt
823 1575 1043 1659 fruenturque.
1073 1572 1203 1659 praet‘er
1221 1597 1260 1640 ea
1278 1575 1312 1639 in
1331 1598 1368 1640 eo
1388 1597 1473 1662 agro

189 1684 277 1772 3131
300 1683 372 1768 quis
396 1681 545 1766 posideto
568 1682 633 1746 nisi
656 1683 695 1746 (13
719 1682 842 1747 maiore
865 1686 958 1767 parte
978 1686 985 1762 Ι
1004 1682 1225 1770 Langensium
1244 1681 1474 1748 Veituriorum
1593 1693 1595 1726 ³

243 1790 418 1874 sententia,
446 1790 524 1853 dum
550 1812 591 1853 ne
619 1789 720 1853 alium
748 1789 836 1854 intro
865 1788 1474 1855 13133331310333333333313133-
1593 1793 1594 1816 l

190 1899 328 1964 sarium
356 1897 482 1961 colendi
507 1919 612 1961 causa.
660 1897 734 1979 quei
758 1919 870 1961 eorum
894 1898 932 1961 de
956 1899 1078 1963 maiore
1101 1901 1194 1981 parte
1220 1897 1225 1980 Ι
1249 1896 1474 1982 Langensium

242 2004 428 2070 Veiturium
456 2004 620 2068 333333313
647 2004 694 2069 133
721 2025 787 2068 333
809 2005 952 2090 parebit,
980 2005 1009 2070 is
1037 2027 1110 2070 eum
1133 2025 1250 2090 agrum
1272 2003 1325 2068 nei
1348 2004 1473 2070 habeto

242 2111 316 2176 3133
339 2111 503 2176 fruimino.

190 2239 223 2286 33
248 2229 252 2240 ’
333 2219 416 2296 0331
442 2218 447 2301 Ι
477 2241 555 2305 ager
583 2241 795 2303 compascuos
824 2219 899 2301 erit,
926 2219 961 2283 in
985 2242 1022 2284 eo
1047 2241 1127 2305 agro
1152 2241 1215 2302 quo
1239 2218 1347 2282 minus
1370 2241 1473 2303 pecus

190 2344 225 2393 34
244 2330 406 2409 [31333313
421 2325 586 2392 03333333
600 2326 832 2412 Veituriosque
851 2327 1020 2410 113333133,
1038 2327 1107 2392 3331
1126 2327 1270 2391 incetero
1285 2345 1364 2410 agro
1385 2325 1390 2409 Ι
1412 2325 1475 2390 03-

242 2435 335 2501 33331
360 2456 568 2519 oompascu0,
595 2421 704 2518 niquis
732 2435 905 2518 prohibeto
911 2485 919 2516 ,
947 2435 1021 2499 3133
1051 2434 1122 2518 quis
1146 2433 1212 2498 3131
1236 2433 1351 2516 facito,
1377 2432 1474 2498 33133

190 2559 224 2608 33
243 2543 424 2626 prohibeto·
450 2541 622 2626 quominus
651 2564 689 2605 ex
719 2564 757 2606 eo
786 2563 865 2627 agro
897 2541 989 2626 ligna
1015 2541 1249 2626 materiamque
1292 2545 1297 2619 Ι
1340 2545 1475 2605 3313333

244 2653 452 2732 utanturque.

332 2755 485 2841 Vectigal
510 2757 586 2821 3331
608 2756 707 2840 primi
730 2757 761 2820 k.
784 2756 932 2820 lanuaris
957 2756 1106 2821 secundis
1130 2756 1263 2820 Veturis
1282 2756 1474 2842 Langenses

192 2883 225 2931 36
245 2865 279 2929 in
302 2865 468 2948 poplicum
493 2862 641 2928 Genuam
664 2864 740 2927 (1313
769 2863 773 2947 Ι
804 2863 952 2927 debente
993 2863 1081 2946 quod
1105 2867 1179 2927 ante
1203 2863 1477 2947 3131131311-

244 2995 314 3036 mas
342 2971 530 3059 Langenses
563 2970 661 3035 fructi
694 2974 771 3035 sunt
799 2974 970 3054 eruntque,
1003 2970 1144 3055 vectigal
1172 2969 1286 3034 1331331
1314 2970 1390 3033 (1333
1418 2971 1475 3034 331

191 3080 418 3161 3313333331

335 3187 435 3252 Prata
454 3210 536 3271 quae
555 3187 865 3270 fueruntproxuma
883 3185 1050 3250 faenisicei
1068 3183 1103 3248 L.
1124 3183 1266 3249 Caecilio
1286 3181 1474 3261 0111113313

193 3313 226 3360 38
246 3316 310 3358 cos.
334 3293 369 3357 in
388 3316 467 3380 agro
487 3295 626 3378 poplieo,
651 3316 747 3377 quem
760 3292 906 3358 Vituries
922 3291 1108 3378 Langenses
1129 3291 1134 3371 Ι
1154 3290 1305 3375 posident
1323 3294 1357 3354 33
1376 3312 1476 3375 quem

248 3399 385 3464 Odiates'
407 3404 440 3463 et
464 3423 559 3484 quem
579 3399 777 3465 Dectunines
802 3404 835 3463 et
858 3421 955 3483 quem
975 3398 1200 3464 033333113313
1220 3402 1253 3462 33
1272 3420 1370 3481 quem
1384 3396 1477 3462 Men-

194 3525 227 3574 33
247 3505 375 3571 3331333
397 3506 562 3591 posident,
586 3530 623 3571 ea
645 3510 741 3589 prata
765 3510 770 3584 Ι
797 3506 909 3572 1331313
932 3504 1160 3592 Langensibus
1184 3510 1218 3570 et
1241 3504 1415 3569 Odiatibus
1439 3511 1476 3570 33

246 3613 491 3679 Dectuninebus
516 3618 548 3678 et
568 3614 780 3680 Cavaturines
800 3619 832 3678 33
851 3613 1064 3697 Μ333ο31333,
1088 3636 1184 3698 quem
1204 3613 1340 3697 quisque
1360 3634 1475 3678 eorum

194 3740 228 3789 40
249 3743 366 3807 agrum
402 3722 408 3805 Ι
444 3722 622 3806 posidebit,
654 3721 785 3786 inviteis
820 3722 867 3786 313
898 3722 1008 3805 niquis
1041 3722 1122 3786 sicet
1153 3721 1227 3787 nive
1256 3724 1370 3805 pascat
1397 3720 1475 3785 nive

247 3828 383 3893 fruatur.
420 3829 477 3893 sei
500 3827 688 3914 Langueses
713 3833 770 3893 aut
793 3828 927 3893 Odiates
952 3833 1009 3893 aut
1032 3826 1231 3893 Dectunines
1255 3832 1312 3892 aut
1336 3825 1477 3893 033333-

195 3955 227 4002 41
248 3936 334 4000 11333
364 3935 368 4016 Ι
398 3940 454 4001 333
481 3933 685 4000 Μ333ο31333
713 3936 836 4000 3131333
865 3936 900 3999 13
927 3959 964 4000 eo
989 3956 1068 4020 agro
1097 3931 1174 3998 alia'
1188 3939 1283 4018 prata
1305 3935 1476 4003 inmittere

195 4062 229 4109 43
248 4043 416 4109 defendere
445 4042 560 4127 sicare,
588 4043 620 4107 id
642 4043 692 4107 uti
715 4043 820 4108 facere
843 4043 955 4127 liceat,
982 4042 1058 4106 dum
1085 4064 1126 4106 33
1150 4042 1342 4127 ampliorem
1371 4047 1375 4121 Ι
1405 4064 1475 4106 313-

248 4152 324 4215 dum
347 4155 517 4235 pratorum
540 4151 698 4234 habeant,
723 4172 820 4234 quam
839 4172 997 4234 proxuma
1015 4153 1140 4213 aestate
1158 4150 1343 4213 habuerunt
1361 4149 1475 4213 fructi-

249 4280 311 4341 que
335 4262 419 4323 sunt.

251 4403 460 4412 ——--——...

321 4492 373 4540 294
392 4503 417 4540 aa
437 4486 518 4538 ‘eus'.
