3216 5016
245 339 289 406 82
741 337 832 394 PARS
851 337 974 395 ParnA.

191 523 225 573 13
334 528 372 571 33
394 505 398 590 Ι
418 507 490 571 1333
518 527 595 584 aquo
620 505 793 589 consistat,
820 506 993 590 quominus
1017 504 1172 569 conmode
1195 503 1336 588 populus
1361 527 1399 568 ea
1426 503 1479 569 via

333 617 454 678 utatur.

191 737 225 787 14
244 718 323 784 Aed.
352 743 416 785 our.
448 721 515 785 aed.
543 720 599 804 pl,
632 719 706 802 quei
738 741 823 783 nunc
852 722 940 803 sunt,
970 718 1207 804 queiquomque
1235 723 1312 802 post
1337 719 1368 784 11.
1397 720 1421 783 l.
1453 742 1477 783 r.

332 827 431 892 factei
455 827 575 893 createi
599 831 695 890 erunt
718 848 830 890 eumve
855 847 939 911 mag.
963 825 1105 908 inierint,
1128 826 1171 890 iei
1190 825 1339 890 indiebus
1355 825 1476 910 Vpro·

189 952 223 1000 25
331 935 466 1019 1111111313,
486 937 490 1017 Ι
512 935 630 1019 quibus
650 956 687 998 eo
702 956 783 1013 meo.
797 933 978 1018 designatei
993 936 1087 997 erunt
1102 955 1215 999 eumve
1231 955 1315 1018 mag.
1329 933 1476 1017 inierint,

331 1044 417 1107 inter
441 1064 474 1106 se
497 1046 635 1125 parante
660 1045 717 1105 aut
740 1041 912 1125 sortiunto,
936 1061 1000 1123 qua
1022 1039 1164 1124 inpartei
1187 1040 1279 1104 urbis
1303 1041 1443 1124 quisque
1470 1039 1473 1128 Ι

189 1167 223 1216 26
332 1171 445 1213 eorum
467 1149 537 1212 vias
560 1148 708 1231 publicas
731 1148 766 1213 in
788 1148 904 1212 urbem
930 1146 1077 1225 Romam,
1100 1147 1234 1231 propius
1257 1170 1295 1236 113
1319 1171 1349 1210 u.
1369 1147 1408 1210 R.
1435 1171 1475 1232 p,

331 1256 389 1321 clo
408 1255 601 1319 reficiendas
616 1256 804 1320 sternendas
823 1259 924 1340 curet,
947 1255 1080 1338 eiusque
1103 1254 1150 1318 rei
1173 1255 1441 1338 procurationem
1467 1251 1470 1342 Ι

188 1381 221 1431 11
330 1363 458 1446 habeat.
510 1385 591 1448 quae
618 1384 694 1446 pars
723 1361 863 1446 quoique
893 1361 960 1425 aed.
988 1361 1036 1424 ita
1058 1361 1094 1424 ln
1113 1361 1133 1425 l.
1162 1362 1204 1425 ob
1232 1361 1371 1445 venerit,
1400 1361 1473 1426 eius

330 1471 396 1534 aed.
425 1470 507 1535 ineis
535 1470 634 1535 loccis
640 1520 648 1554 ,
676 1491 769 1553 quae·
786 1470 859 1532 inea
886 1468 991 1552 partei
1020 1471 1128 1551 erunt,
1162 1467 1290 1532 viarum
1317 1465 1474 1556 reficient·

188 1598 221 1647 18
330 1576 444 1642 darum
467 1578 672 1641 tuemdarum
695 1575 883 1660 procuratio
908 1578 994 1658 este,
1017 1575 1085 1639 utei
1107 1575 1139 1638 11.
1162 1575 1183 1638 1.
1208 1576 1382 1659 oportebit.
1404 1576 1408 1660 Ι

187 1705 220 1752 29
242 1683 330 1759 Quae
360 1683 414 1748 via
440 1691 519 1748 inter
546 1683 658 1747 aedem
687 1705 812 1748 sacram
843 1686 876 1745 et
899 1681 1081 1746 aedificium
1109 1682 1217 1746 locum
1239 1705 1277 1746 ve
1301 1683 1473 1766 publicum

186 1813 221 1874 ao
329 1794 362 1854 et
381 1790 467 1854 inter
486 1789 668 1854 aedificium
686 1790 852 1873 privatum
870 1793 920 1854 est
939 1788 1011 1873 erit,
1030 1789 1099 1852 eius
1119 1785 1124 1875 Ι
1145 1788 1215 1853 viae
1234 1793 1362 1872 partem
1377 1789 1473 1854 dimi-

329 1898 416 1962 diam
439 1898 467 1962 is
492 1898 568 1982 aed,
593 1897 670 1981 quoi
693 1919 731 1960 ea
754 1918 830 1980 pars
853 1896 944 1959 urbis
968 1896 1010 1960 ob
1034 1895 1168 1980 venerit,
1191 1895 1291 1981 inqua
1313 1900 1408 1979 parte
1433 1920 1473 1962 ea

185 2028 219 2075 31
329 2005 417 2070 aedis
442 2027 534 2069 sacra
557 2004 620 2068 erit
644 2003 729 2068 seive
753 2003 936 2067 aedificium
960 2000 964 2089 Ι
990 2003 1157 2086 publicum
1181 2004 1267 2067 seive
1297 2003 1387 2068 locus
1411 2027 1472 2088 pu-

327 2112 446 2197 blicus,
468 2112 634 2176 tuemdam
656 2111 774 2176 locato.

185 2243 218 2290 32
239 2216 504 2303 Quemquomque
533 2221 608 2282 ante
638 2239 733 2281 suum
761 2216 944 2281 aedificium
970 2217 1057 2280 viam
1084 2216 1249 2300 publicam
1279 2217 1310 2280 11.
1334 2217 1353 2280 1.
1382 2219 1470 2282 tueri

184 2350 218 2398 33
327 2325 502 2410 oportebit,
525 2324 599 2410 quei
622 2345 733 2388 eorum
757 2347 829 2388 eam
851 2324 939 2388 viam
957 2323 1120 2387 arbitratu
1139 2324 1207 2388 eius
1227 2325 1303 2407 aed,
1324 2327 1329 2401 Ι
1349 2325 1469 2406 quoius

327 2432 523 2516 oportuerit,
554 2453 621 2495 non
649 2431 807 2514 tuebitur,
838 2453 909 2494 eam
937 2431 1024 2496 viam
1052 2432 1132 2516 aed,
1160 2431 1275 2516 quoius
1303 2431 1470 2496 arbitratu

184 2564 218 2612 34
326 2562 398 2604 eam
421 2538 524 2603 tuerei
549 2537 744 2622 oportuerit,
767 2537 932 2602 tuemdam
955 2538 1078 2622 locato,
1107 2543 1112 2618 Ι
1144 2537 1237 2620 isque
1261 2537 1328 2600 aed.
1352 2538 1468 2603 diebus

96 2633 98 2637 ¹
324 2668 365 2709 ne
396 2646 504 2710 minus
533 2645 576 2730 X,
609 2648 784 2727 antequam
816 2644 919 2729 locet,
950 2647 1030 2728 aput
1062 2643 1170 2708 iorum
1198 2648 1273 2708 ante
1302 2645 1467 2709 tribunale

183 2777 216 2826 35
326 2774 418 2817 suom
440 2751 647 2837 propositum
670 2751 800 2829 habeto,
825 2773 923 2834 quam
949 2749 954 2836 Ι
981 2749 1067 2814 viam
1091 2752 1245 2815 tuendam
1267 2755 1302 2814 et
1325 2773 1389 2834 quo
1414 2752 1467 2817 die

324 2859 491 2924 locaturus
516 2859 572 2943 sit,
601 2869 631 2922 et
652 2879 791 2940 quorum
815 2861 890 2922 ante
914 2857 1096 2922 aedificium
1120 2858 1232 2922 cavia
1256 2859 1316 2942 eit3
1344 2859 1467 2943 eisque,

182 2991 216 3039 36
324 2987 462 3048 quorum
481 2970 556 3030 ante
576 2964 759 3054 aedificium
779 2961 783 3050 Ι
804 2987 842 3028 33
860 2964 914 3029 via
931 2964 1002 3048 erit,
1024 2965 1332 3049 procuratoribusve
1351 2986 1466 3029 eorum

323 3074 455 3137 domum
479 3073 688 3136 denuntietur
710 3071 825 3156 facito,
856 3093 889 3135 se
914 3093 985 3135 eam
1008 3071 1095 3136 viam
1117 3073 1314 3156 locaturum,
1342 3075 1376 3135 et
1400 3094 1464 3156 quo

181 3207 214 3254 3‘1
323 3181 374 3244 die
397 3181 564 3244 locaturus
590 3177 594 3264 Ι
620 3179 678 3262 sit3
706 3201 841 3262 eamque
869 3178 1066 3244 locationem
1088 3179 1197 3262 palam
1220 3177 1328 3243 inforo
1351 3201 1410 3262 per
1434 3202 1463 3262 q.

322 3287 407 3369 urb,
439 3309 552 3350 eumve
581 3285 655 3369 quei
683 3285 807 3349 aerario
834 3287 972 3369 praerit,
1004 3286 1115 3351 facito.
1164 3291 1299 3370 quamta
1326 3287 1464 3370 pecunia

180 3419 232 3467 38·
323 3415 395 3456 eam
416 3395 420 3471 Ι
441 3393 528 3456 viam
546 3391 711 3475 locaverit,
735 3395 857 3455 tamtae
876 3392 1030 3476 pecuniae
1054 3415 1128 3457 eum
1148 3395 1300 3478 [e]osque,
1324 3415 1463 3477 quorum

180 3527 213 3574 39
322 3503 398 3564 ante
423 3499 604 3563 aedificium
628 3521 667 3562 ea
685 3499 737 3562 via
760 3499 823 3561 erit
846 3520 906 3582 pro
929 3499 1087 3584 portioni,
1111 3504 1280 3584 quamtum
1305 3501 1309 3583 Ι
1335 3501 1463 3584 quoius·

322 3628 383 3691 que
412 3609 487 3670 ante
515 3605 698 3670 aedificium
727 3605 798 3669 viae
826 3605 1065 3690 inlongitudine
1093 3610 1127 3670 et
1154 3607 1362 3670 inlatitudine
1391 3608 1463 3691 erit,

179 3739 213 3786 40
322 3735 351 3797 q.
374 3713 459 3798 urb,
483 3713 595 3798 queive
620 3712 745 3776 aerario
768 3711 904 3795 praerit,
927 3712 1091 3777 intabulas
1111 3719 1115 3792 Ι
1135 3713 1283 3796 publicas
1306 3714 1461 3797 pecuniae

321 3820 428 3885 factae
452 3819 660 3884 referundum
683 3821 805 3883 curato.
839 3818 868 3881 ei
892 3819 963 3901 quei
986 3841 1058 3883 eam
1080 3819 1167 3884 viam
1191 3821 1363 3884 tuemdam·
1376 3821 1462 3885 rede-

303 4089 354 4138 312
374 4099 399 4138 aa
419 4099 453 4136 ao
472 4084 527 4138 tob.
565 4101 646 4154 quum
668 4085 785 4150 formam
808 4099 861 4137 3333
884 4099 974 4138 oseam
992 4101 1045 4154 pro
1063 4085 1171 4140 Latina
1193 4100 1268 4153 aqua
1291 4102 1309 4138 u
1327 4085 1459 4154 scalptore

231 4164 408 4219 Heracleeaci
429 4164 558 4217 iniectam
581 4164 720 4218 contendit
742 4163 846 4233 Beryt,
868 4164 903 4216 131.
923 4164 1019 4232 philol.
1044 4163 1183 4231 Schriften
1206 4165 1227 4217 I
1244 4159 1351 4235 11339911.
1375 4181 1399 4218 o.
1423 4165 1458 4218 R.

230 4244 419 4313 Peppmaeller
434 4247 506 4296 1884
520 4261 549 4312 p.
565 4248 600 4297 11
615 4243 697 4296 nam.
715 4248 733 4298 6
781 4259 807 4296 ee
825 4258 895 4296 mac.
911 4261 965 4312 pro
979 4261 1053 4314 mag.
1070 4245 1181 4299 ‘Roma’
1198 4245 1219 4296 L¹
1235 4246 1284 4313 (cf.
1299 4263 1337 4300 33,
1353 4249 1458 4314 16,17)

230 4325 284 4377 tab.
366 4339 391 4376 ec
411 4321 486 4376 viam
504 4338 555 4391 per
572 4325 627 4377 tob.
646 4321 694 4375 via
713 4325 823 4392 ampert
840 4324 859 4376 a'.
879 4340 900 4377 3.
919 4326 966 4378 vic
984 4327 1068 4380 inter:
1087 4327 1185 4398 Bcrpt.
1258 4342 1284 4380 33
1304 4343 1384 4379 suom
1402 4343 1457 4379 11131-

228 4403 289 4458 31111
307 4403 431 4456 Monimo.
513 4417 539 4457 33
560 4401 609 4456 ‘ei’
702 4419 727 4457 33
747 4403 857 4470 ‘osque’
940 4419 966 4460 39
986 4403 1107 4458 ‘tabula’
1195 4420 1222 4458 ro
1241 4403 1314 4458 etei
1333 4405 1456 4460 1131111113.

232 4480 324 4550 ‘qufi'.
1049 4497 1052 4501 -
